@String(PAMI = {IEEE Trans. Pattern Anal. Mach. Intell.})
@String(IJCV = {Int. J. Comput. Vis.})
@String(ICCV= {Int. Conf. Comput. Vis.})
@String(ECCV= {Eur. Conf. Comput. Vis.})
@String(NIPS= {Adv. Neural Inform. Process. Syst.})
@String(ICPR = {Int. Conf. Pattern Recog.})
@String(BMVC= {Brit. Mach. Vis. Conf.})
@String(TOG= {ACM Trans. Graph.})
@String(TIP  = {IEEE Trans. Image Process.})
@String(TVCG  = {IEEE Trans. Vis. Comput. Graph.})
@String(TMM  = {IEEE Trans. Multimedia})
@String(ACMMM= {ACM Int. Conf. Multimedia})
@String(ICME = {Int. Conf. Multimedia and Expo})
@String(ICASSP=	{ICASSP})
@String(ICIP = {IEEE Int. Conf. Image Process.})
@String(ACCV  = {ACCV})
@String(ICLR = {Int. Conf. Learn. Represent.})
@String(IJCAI = {IJCAI})
@String(PR   = {Pattern Recognition})
@String(AAAI = {AAAI})
@String(CVPRW= {IEEE Conf. Comput. Vis. Pattern Recog. Worksh.})
@String(CSVT = {IEEE Trans. Circuit Syst. Video Technol.})
@String(SPL	= {IEEE Sign. Process. Letters})
@String(VR   = {Vis. Res.})
@String(JOV	 = {J. Vis.})
@String(TVC  = {The Vis. Comput.})
@String(JCST  = {J. Comput. Sci. Tech.})
@String(CGF  = {Comput. Graph. Forum})
@String(CVM = {Computational Visual Media})
@String(PAMI  = {IEEE TPAMI})
@String(IJCV  = {IJCV})
@String(CVPR  = {CVPR})
@String(ICCV  = {ICCV})
@String(ECCV  = {ECCV})
@String(NIPS  = {NeurIPS})
@String(ICPR  = {ICPR})
@String(BMVC  =	{BMVC})
@String(TOG   = {ACM TOG})
@String(TIP   = {IEEE TIP})
@String(TVCG  = {IEEE TVCG})
@String(TCSVT = {IEEE TCSVT})
@String(TMM   =	{IEEE TMM})
@String(ACMMM = {ACM MM})
@String(ICME  =	{ICME})
@String(ICASSP=	{ICASSP})
@String(ICIP  = {ICIP})
@String(ACCV  = {ACCV})
@String(ICLR  = {ICLR})
@String(IJCAI = {IJCAI})
@String(PR = {PR})
@String(AAAI = {AAAI})
@String(CVPRW= {CVPRW})
@String(CSVT = {IEEE TCSVT})

@article{Alpher01,
author = {A. Popiel and M. Woźniak},
title = {Feature reduction for simplified handwritten digit classification model},
journal = {IEEE Symposium Series on Computational Intelligence (SSCI)},
volume = 1,
number = 1,
pages = {448--454},
year = 2022
}

@article{Alpher02,
author = {R. Anoop, N. Kiran and B. P. Raj and A. Kodipalli and T. Rao and B. R. Rohini},
title = {MNSIT Handwritten Digit Recognition Using Machine Learning Classification Algorithms},
journal = {2023 World Conference on Communication & Computing (WCONF)},
volume = 1,
number = 1,
pages = {1--5},
year = 2023
}

@article{Alpher03,
author = {A. K. Agrawal and A. K. Shrivas and V. k. Awasthi},
title = {A Robust Model for Handwritten Digit Recognition using Machine and Deep Learning Technique},
journal = {2021 2nd International Conference for Emerging Technology (INCET)},
volume = 1,
number = 1,
pages = {1--4},
year = 2021
}

@article{Alpher04,
author = {Voloshchenko, O., & Plechawska-Wójcik, M.},
title = {Comparison of classical machine learning algorithms in the task of handwritten digits classification},
journal = {Journal of Computer Sciences Institute},
volume = 21,
number = 1,
pages = {279--286},
year = 2021
}